@Book{haeckel2012,
  title={Meteorologie},
  author={HÃ¤ckel, Hans},
  volume={1338},
  year={2012},
  publisher={UTB},
}

@Article{heusinkveld2004,
  title={Surface energy balance closure in an arid region: role of soil heat flux},
  author={Heusinkveld, BG and Jacobs, AFG and Holtslag, AAM and Berkovics, SM},
  journal={Agricultural and Forest Meteorology},
  volume={122},
  number={1},
  pages={21--37},
  year={2004},
  publisher={Elsevier},
}

@Inproceedings{bull1996,
  title={A feedback based load balance algorithm for physics routines in NWP},
  author={Bull, JM and Ford, RW and Dickinson, A},
  booktitle={in NWP, Proceedings of Seventh ECMWF Workshop on the Use of Parallel Processors in Meteorology}, World Scientific},
  year={1996},
  organization ={Citeseer},
}